<?xml version="1.0" encoding="UTF-8"?><collection xmlns="http://www.loc.gov/MARC21/slim"><record><leader>00550nam--2200193-u-4500</leader><controlfield tag="001">000056675</controlfield><controlfield tag="002">20161230</controlfield><controlfield tag="005">20170204183601</controlfield><controlfield tag="008">160411s1000------------r-----000-0-rus-d</controlfield><datafield ind1=" " ind2=" " tag="040"><subfield code="a">IFIN-HH</subfield></datafield><datafield ind1=" " ind2=" " tag="041"><subfield code="a">rus</subfield></datafield><datafield ind1=" " ind2=" " tag="080"><subfield code="a">519.41/47</subfield></datafield><datafield ind1="1" ind2=" " tag="100"><subfield code="a">Ghelfand, I. M</subfield></datafield><datafield ind1="1" ind2="0" tag="245"><subfield code="a">Predstavlenia gruppi vrasenii i gruppi lotentza ih primenenia</subfield><subfield code="c">I.M. Ghelfand, R.A. Minlos, Z.Ia. Sapiro</subfield></datafield><datafield ind1=" " ind2=" " tag="260"><subfield code="a">Moskva</subfield><subfield code="b">Fiziko-matematiceskoi literaturi</subfield><subfield code="c">1958</subfield></datafield><datafield ind1=" " ind2=" " tag="300"><subfield code="a">366p</subfield></datafield><datafield ind1="1" ind2=" " tag="700"><subfield code="a">Sapiro, Z. Ia</subfield></datafield><datafield ind1=" " ind2=" " tag="852"><subfield code="a">6054</subfield><subfield code="c">530.1</subfield></datafield><datafield ind1=" " ind2=" " tag="CAT"><subfield code="a">SYS</subfield><subfield code="c">20170204</subfield><subfield code="h">183601</subfield></datafield></record></collection>